@misc{chazhi,
  author = {},
  year = {},
  url = {https://zhuanlan.zhihu.com/p/368045270},
  urldate = {},
  title = {数值分析-插值法}
}

@misc{juncha,
  author = {},
  year = {},
  url = {https://www.zhihu.com/question/39213704},
  urldate = {},
  title = {均差}
}

@misc{Cantor-set,
  author = {},
  year = {},
  url = {https://zhuanlan.zhihu.com/p/54711962},
  urldate = {},
  title = {Cantor三分集}
}

@misc{continue-in-compactset-1,
  author = {},
  year = {},
  url = {https://www.zhihu.com/question/521878593},
  urldate = {},
  title = {紧集上的连续函数有界有最值}
}

@misc{continue-in-compactset-2,
  author = {},
  year = {},
  url = {https://www.zhihu.com/question/56393706},
  urldate = {},
  title = {紧集上的连续函数一致连续}
}

@misc{Laurent,
  author = {},
  year = {},
  url = {https://zhuanlan.zhihu.com/p/21915400},
  urldate = {},
  title = {Lautent 级数}
}
