@article{Mandelbrot-Set-Introduction,
  title={Topological entropy of quadratic polynomials and dimension of sections of the Mandelbrot set},
  author={ Tiozzo, G. },
  year={2013},
}

@article{Mandelbrot-Set-Summary,
  title={INVERSION OF ROUGHNESS PROFILE OF HETEROGENEOUS FRACTAL SURFACE USING GAUSSIAN BEAM INCIDENCE AT LOW GRAZING ANGLE},
  author={Jin and Yaqin and Li and Zhongxin},
  journal={电子科学学刊:英文版},
  year={2001},
}