@inproceedings{2012Social,
  title={Social coding in GitHub: transparency and collaboration in an open software repository},
  author={ Herbsleb, James  and  Tsay, J.  and  Stuart, C.  and  Dabbish, L. A. },
  booktitle={CSCW '12 Computer Supported Cooperative Work, Seattle, WA, USA, February 11-15, 2012},
  year={2012},
}

@article{俞木发2016同步／备份不闹心,
  title={同步／备份不闹心 用好OneDrive},
  author={俞木发},
  journal={电脑爱好者},
  number={18},
  pages={1},
  year={2016},
}