@misc{chazhi,
  author = {},
  year = {},
  url = {https://zhuanlan.zhihu.com/p/368045270},
  urldate = {},
  title = {数值分析-插值法}
}

@misc{juncha,
  author = {},
  year = {},
  url = {https://www.zhihu.com/question/39213704},
  urldate = {},
  title = {均差}
}

@misc{Cantor-set,
  author = {},
  year = {},
  url = {https://zhuanlan.zhihu.com/p/54711962},
  urldate = {},
  title = {Cantor三分集}
}