@Misc{first,
howpublished = {[EB/OL]},
note = {\url{https://complex-analysis.com/content/julia_set.html} Accessed April 4, 2010},
title = {Complex Analysis},
author = {Juan Carlos Ponce Campuzano}
}
@Misc{second,
howpublished = {[EB/OL]},
note = {\url{https://blog.csdn.net/weixin_35180432/article/details/116047500#:~:text=%E8%AE%A9%E6%88%91%E4%BB%AC%E6%80%BB%E7%BB%93%E4%B8%80%E4%B8%8B%20Julia%20%E9%9B%86%E5%92%8C%20Mandelbrot%20%E9%9B%86%E7%9A%84%E5%85%B3%E7%B3%BB%E3%80%82%20%E5%9C%A8%E8%BF%AD%E4%BB%A3%E8%BF%87%E7%A8%8B%20z%20%E2%86%92,c%20%E7%9A%84%E5%AE%9E%E9%83%A8%E3%80%81%E8%99%9A%E9%83%A8%E5%90%8E%E6%89%80%E5%BE%97%E7%9A%84%E7%BB%93%E6%9E%9C%EF%BC%8C%E8%80%8C%20Mandelbrot%20%E9%9B%86%E5%88%99%E6%98%AF%E9%99%90%E5%AE%9A%20z%20%E7%9A%84%E5%AE%9E%E9%83%A8%E5%92%8C%E8%99%9A%E9%83%A8%E5%9D%87%E4%B8%BA%200%20%E5%90%8E%E7%9A%84%E7%BB%93%E6%9E%9C%E3%80%82} Accessed April 4, 2010},
title = {mandelbrot集 matlab,再谈Julia集与Mandelbrot集},
author = {来自獐子岛的扇贝}
}