@article{graham1983finding,
  title={Finding the convex hull of a simple polygon},
  author={Graham, Ronald L and Yao, F Frances},
  journal={Journal of Algorithms},
  volume={4},
  number={4},
  pages={324--331},
  year={1983},
  publisher={Elsevier}
}